<collection xmlns="http://www.loc.gov/MARC21/slim"><record><leader>00682nam  2200205   450</leader><controlfield tag="001">439</controlfield><controlfield tag="003">http://montalegre.opacnet.com/OPAC/default.aspx?ContentAreaControl=ShowRegHoldings.ascx&amp;RegNo=16662</controlfield><datafield tag="100" ind1=" " ind2=" "><subfield code="a">d--------k  y0pory0103    ba</subfield></datafield><datafield tag="101" ind1="1" ind2=" "><subfield code="a">por</subfield></datafield><datafield tag="102" ind1=" " ind2=" "><subfield code="a">PT</subfield></datafield><datafield tag="105" ind1=" " ind2=" "><subfield code="a">y   z   000ay</subfield></datafield><datafield tag="106" ind1=" " ind2=" "><subfield code="a">r</subfield></datafield><datafield tag="200" ind1="1" ind2=" "><subfield code="a">&lt;O &gt;meu vestido cor do céu</subfield><subfield code="f">Delly</subfield><subfield code="g">trad. de Tito Marcondes</subfield></datafield><datafield tag="210" ind1=" " ind2=" "><subfield code="a">S. Paulo</subfield><subfield code="c">Companhia Editora Nacional</subfield><subfield code="d">imp. 1939</subfield></datafield><datafield tag="215" ind1=" " ind2=" "><subfield code="a">240, [1] p.</subfield><subfield code="d">20 cm</subfield></datafield><datafield tag="304" ind1=" " ind2=" "><subfield code="a">Tít. orig.: Ma robe couleur du temps</subfield></datafield><datafield tag="675" ind1=" " ind2=" "><subfield code="a">821.133.1-31"19"</subfield><subfield code="v">BN</subfield><subfield code="z">por</subfield><subfield code="v">BN</subfield><subfield code="z">por</subfield><subfield code="3">704363</subfield></datafield><datafield tag="700" ind1=" " ind2="0"><subfield code="a">Delly</subfield><subfield code="c">pseud</subfield></datafield><datafield tag="702" ind1=" " ind2="1"><subfield code="a">Marcondes</subfield><subfield code="b">A. Tito</subfield><subfield code="f">1902-</subfield><subfield code="4">730</subfield></datafield><datafield tag="801" ind1=" " ind2="0"><subfield code="a">PT</subfield><subfield code="b">Biblioteca Municipal de Montalegre</subfield><subfield code="g">RPC</subfield></datafield><datafield tag="909" ind1="&#9;" ind2=" "><subfield code="a">1</subfield></datafield><datafield tag="966" ind1=" " ind2=" "><subfield code="a">0008367</subfield><subfield code="l">BMM</subfield><subfield code="s">SCG 821 DEL meu 20</subfield></datafield></record></collection>